<record><leader>00000cas a22000007a 4500</leader><controlfield tag="001">21359770</controlfield><controlfield tag="008">900411d18961898mouwr ne      0    0eng d</controlfield><datafield ind1=" " ind2=" " tag="010"><subfield code="a">sn 90061437 </subfield></datafield><datafield ind1=" " ind2=" " tag="040"><subfield code="a">MQN</subfield><subfield code="b">eng</subfield><subfield code="c">MQN</subfield><subfield code="d">CNK</subfield><subfield code="d">OCLCQ</subfield></datafield><datafield ind1=" " ind2=" " tag="042"><subfield code="a">msc</subfield></datafield><datafield ind1="0" ind2="0" tag="245"><subfield code="a">Free silver herald.</subfield></datafield><datafield ind1=" " ind2=" " tag="260"><subfield code="a">Ozark, Christian County, Mo. :</subfield><subfield code="b">Brown &amp; Prather</subfield></datafield><datafield ind1=" " ind2=" " tag="300"><subfield code="a">v.</subfield></datafield><datafield ind1=" " ind2=" " tag="310"><subfield code="a">Weekly</subfield></datafield><datafield ind1="1" ind2=" " tag="362"><subfield code="a">Began in 1896; ceased in 1898?</subfield></datafield><datafield ind1=" " ind2=" " tag="588"><subfield code="a">Description based on: Vol. 2, no. 20 (Dec. 25, 1896).</subfield></datafield><datafield ind1=" " ind2=" " tag="752"><subfield code="a">United States</subfield><subfield code="b">Missouri</subfield><subfield code="c">Christian</subfield><subfield code="d">Ozark.</subfield></datafield><datafield ind1="0" ind2="0" tag="780"><subfield code="t">Herald (Ozark, Mo.)</subfield><subfield code="w">(DLC)sn 90061436</subfield></datafield><datafield ind1="0" ind2="0" tag="785"><subfield code="t">Ozark herald (Ozark, Mo.)</subfield><subfield code="w">(DLC)sn 90061438</subfield></datafield></record>